@inproceedings{Estevez,
 author = {Estevez, Alejandro Conty and Kulla, Christopher},
 title = {Importance Sampling of Many Lights with Adaptive Tree Splitting},
 booktitle = {ACM SIGGRAPH 2017 Talks},
 series = {SIGGRAPH '17},
 year = {2017},
 isbn = {978-1-4503-5008-2},
 location = {Los Angeles, California},
 pages = {33:1--33:2},
 articleno = {33},
 numpages = {2},
 url = {http://doi.acm.org/10.1145/3084363.3085028},
 doi = {10.1145/3084363.3085028},
 acmid = {3085028},
 publisher = {ACM},
 address = {New York, NY, USA},
 keywords = {illumination, many lights, ray tracing},
}

@article{Shirley:1996:MCT:226150.226151,
 author = {Shirley, Peter and Wang, Changyaw and Zimmerman, Kurt},
 title = {Monte Carlo Techniques for Direct Lighting Calculations},
 journal = {ACM Trans. Graph.},
 issue_date = {Jan. 1996},
 volume = {15},
 number = {1},
 month = jan,
 year = {1996},
 issn = {0730-0301},
 pages = {1--36},
 numpages = {36},
 url = {http://doi.acm.org/10.1145/226150.226151},
 doi = {10.1145/226150.226151},
 acmid = {226151},
 publisher = {ACM},
 address = {New York, NY, USA},
 keywords = {Monte Carlo integration, direct lighting, importance sampling, luminaires, ray tracing, realistic image synthesis},
}

@article{Walter2005LightcutsAS,
  title={Lightcuts: a scalable approach to illumination},
  author={Bruce Walter and Sebastian P Fernandez and Adam Arbree and Kavita Bala and Michael Donikian and Donald P. Greenberg},
  journal={ACM Trans. Graph.},
  year={2005},
  volume={24},
  pages={1098-1107}
}

@inproceedings{Vevoda,
 author = {V{\'e}voda, Petr and K\v{r}iv\'{a}nek, Jaroslav},
 title = {Adaptive Direct Illumination Sampling},
 booktitle = {SIGGRAPH ASIA 2016 Posters},
 series = {SA '16},
 year = {2016},
 isbn = {978-1-4503-4540-8},
 location = {Macau},
 pages = {43:1--43:2},
 articleno = {43},
 numpages = {2},
 url = {http://doi.acm.org/10.1145/3005274.3005283},
 doi = {10.1145/3005274.3005283},
 acmid = {3005283},
 publisher = {ACM},
 address = {New York, NY, USA},
 keywords = {clustering, direct illumination, sampling},
} 
@inproceedings{DBLP:journals/corr/DahmK17,
  author    = {Ken Dahm and
               Alexander Keller},
  title     = {Learning light transport the reinforced way},
  booktitle = {Special Interest Group on Computer Graphics and Interactive Techniques
               Conference, {SIGGRAPH} 2017, Los Angeles, California, USA, July 30
               - August 3, 2017, Talks},
  pages     = {73:1--73:2},
  year      = {2017},
  crossref  = {DBLP:conf/siggraph/2017talks},
  url       = {http://doi.acm.org/10.1145/3084363.3085032},
  doi       = {10.1145/3084363.3085032},
  timestamp = {Mon, 11 Jun 2018 17:37:47 +0200},
  biburl    = {https://dblp.org/rec/bib/conf/siggraph/DahmK17},
  bibsource = {dblp computer science bibliography, https://dblp.org}
}
@proceedings{DBLP:conf/siggraph/2017talks,
  title     = {Special Interest Group on Computer Graphics and Interactive Techniques
               Conference, {SIGGRAPH} 2017, Los Angeles, California, USA, July 30
               - August 3, 2017, Talks},
  publisher = {{ACM}},
  year      = {2017},
  url       = {http://doi.acm.org/10.1145/3084363},
  doi       = {10.1145/3084363},
  isbn      = {978-1-4503-5008-2},
  timestamp = {Mon, 11 Jun 2018 17:37:05 +0200},
  biburl    = {https://dblp.org/rec/bib/conf/siggraph/2017talks},
  bibsource = {dblp computer science bibliography, https://dblp.org}
}


@inproceedings{dachsbacher2014scalable,
  title={Scalable Realistic Rendering with Many-Light Methods},
  author={Dachsbacher, Carsten and K{\v{r}}iv{\'a}nek, Jaroslav and Ha{\v{s}}an, Milo{\v{s}} and Arbree, Adam and Walter, Bruce and Nov{\'a}k, Jan},
  booktitle={Computer Graphics Forum},
  volume={33},
  number={1},
  pages={88--104},
  year={2014},
  organization={Wiley Online Library}
}

@inproceedings{keller1997instant,
  title={Instant radiosity},
  author={Keller, Alexander},
  booktitle={Proceedings of the 24th annual conference on Computer graphics and interactive techniques},
  pages={49--56},
  year={1997},
  organization={ACM Press/Addison-Wesley Publishing Co.}
}

@book{jensen2001realistic,
  title={Realistic image synthesis using photon mapping},
  author={Jensen, Henrik Wann},
  year={2001},
  publisher={AK Peters/CRC Press}
}

@article{Hachisuka2008ProgressivePM,
  title={Progressive photon mapping},
  author={Toshiya Hachisuka and Shinji Ogaki and Henrik Wann Jensen},
  journal={ACM Trans. Graph.},
  year={2008},
  volume={27},
  pages={130:1-130:8}
}

@article{Hachisuka2009StochasticPP,
  title={Stochastic progressive photon mapping},
  author={Toshiya Hachisuka and Henrik Wann Jensen},
  journal={ACM Trans. Graph.},
  year={2009},
  volume={28},
  pages={141:1-141:8}
}

@book{pbrt,
 author = {Pharr, Matt and Jakob, Wenzel and Humphreys, Greg},
 title = {Physically Based Rendering: From Theory to Implementation},
 year = {2016},
 isbn = {978-0-1280-0645-0},
 edition = {3rd},
 publisher = {Morgan Kaufmann Publishers Inc.},
 address = {San Francisco, CA, USA},
} 

@inproceedings{DBLP:conf/kse/HieuM14,
  author    = {Duong Van Hieu and
               Phayung Meesad},
  title     = {Fast K-Means Clustering for Very Large Datasets Based on MapReduce
               Combined with a New Cutting Method},
  booktitle = {Knowledge and Systems Engineering - Proceedings of the Sixth International
               Conference {KSE} 2014, Hanoi, Vietnam, 9-11 October 2014},
  pages     = {287--298},
  year      = {2014},
  crossref  = {DBLP:conf/kse/2014},
  url       = {https://doi.org/10.1007/978-3-319-11680-8_23},
  doi       = {10.1007/978-3-319-11680-8_23},
  timestamp = {Sat, 16 Sep 2017 12:10:18 +0200},
  biburl    = {https://dblp.org/rec/bib/conf/kse/HieuM14},
  bibsource = {dblp computer science bibliography, https://dblp.org}
}

@article{DBLP:journals/tpds/XuQLMLL14,
  author    = {Yujie Xu and
               Wenyu Qu and
               Zhiyang Li and
               Geyong Min and
               Keqiu Li and
               Zhaobin Liu},
  title     = {Efficient k-Means++ Approximation with
               MapReduce},
  journal   = {{IEEE} Trans. Parallel Distrib. Syst.},
  volume    = {25},
  number    = {12},
  pages     = {3135--3144},
  year      = {2014},
  url       = {https://doi.org/10.1109/TPDS.2014.2306193},
  doi       = {10.1109/TPDS.2014.2306193},
  timestamp = {Sat, 27 May 2017 14:23:25 +0200},
  biburl    = {https://dblp.org/rec/bib/journals/tpds/XuQLMLL14},
  bibsource = {dblp computer science bibliography, https://dblp.org}
}

@proceedings{DBLP:conf/nips/2011,
  editor    = {John Shawe{-}Taylor and
               Richard S. Zemel and
               Peter L. Bartlett and
               Fernando C. N. Pereira and
               Kilian Q. Weinberger},
  title     = {Advances in Neural Information Processing Systems 24: 25th Annual
               Conference on Neural Information Processing Systems 2011. Proceedings
               of a meeting held 12-14 December 2011, Granada, Spain},
  year      = {2011},
  url       = {http://papers.nips.cc/book/advances-in-neural-information-processing-systems-24-2011},
  timestamp = {Thu, 11 Dec 2014 17:34:08 +0100},
  biburl    = {https://dblp.org/rec/bib/conf/nips/2011},
  bibsource = {dblp computer science bibliography, https://dblp.org}
}

@misc{blanco2014nanoflann,
  title        = {nanoflann: a {C}++ header-only fork of {FLANN}, a library for Nearest Neighbor ({NN}) wih KD-trees},
  author       = {Blanco, Jose Luis and Rai, Pranjal Kumar},
  howpublished = {\url{https://github.com/jlblancoc/nanoflann}},
  year         = {2014}
}

@inproceedings{DBLP:conf/www/Sculley10,
  author    = {D. Sculley},
  title     = {Web-scale k-means clustering},
  booktitle = {Proceedings of the 19th International Conference on World Wide Web,
               {WWW} 2010, Raleigh, North Carolina, USA, April 26-30, 2010},
  pages     = {1177--1178},
  year      = {2010},
  crossref  = {DBLP:conf/www/2010},
  url       = {http://doi.acm.org/10.1145/1772690.1772862},
  doi       = {10.1145/1772690.1772862},
  timestamp = {Tue, 04 Jul 2017 19:05:20 +0200},
  biburl    = {https://dblp.org/rec/bib/conf/www/Sculley10},
  bibsource = {dblp computer science bibliography, https://dblp.org}
}

@proceedings{DBLP:conf/www/2010,
  editor    = {Michael Rappa and
               Paul Jones and
               Juliana Freire and
               Soumen Chakrabarti},
  title     = {Proceedings of the 19th International Conference on World Wide Web,
               {WWW} 2010, Raleigh, North Carolina, USA, April 26-30, 2010},
  publisher = {{ACM}},
  year      = {2010},
  isbn      = {978-1-60558-799-8},
  timestamp = {Tue, 04 Jul 2017 19:05:20 +0200},
  biburl    = {https://dblp.org/rec/bib/conf/www/2010},
  bibsource = {dblp computer science bibliography, https://dblp.org}
}

@inproceedings{DBLP:conf/nips/ShindlerWM11,
  author    = {Michael Shindler and
               Alex Wong and
               Adam Meyerson},
  title     = {Fast and Accurate k-means For Large Datasets},
  booktitle = {Advances in Neural Information Processing Systems 24: 25th Annual
               Conference on Neural Information Processing Systems 2011. Proceedings
               of a meeting held 12-14 December 2011, Granada, Spain.},
  pages     = {2375--2383},
  year      = {2011},
  crossref  = {DBLP:conf/nips/2011},
  url       = {http://papers.nips.cc/paper/4362-fast-and-accurate-k-means-for-large-datasets},
  timestamp = {Thu, 11 Dec 2014 17:34:08 +0100},
  biburl    = {https://dblp.org/rec/bib/conf/nips/ShindlerWM11},
  bibsource = {dblp computer science bibliography, https://dblp.org}
}

@article{scikit-learn,
 title={Scikit-learn: Machine Learning in {P}ython},
 author={Pedregosa, F. and Varoquaux, G. and Gramfort, A. and Michel, V.
         and Thirion, B. and Grisel, O. and Blondel, M. and Prettenhofer, P.
         and Weiss, R. and Dubourg, V. and Vanderplas, J. and Passos, A. and
         Cournapeau, D. and Brucher, M. and Perrot, M. and Duchesnay, E.},
 journal={Journal of Machine Learning Research},
 volume={12},
 pages={2825--2830},
 year={2011}
}

@inproceedings{DBLP:conf/sigmod/ZhangRL96,
  author    = {Tian Zhang and
               Raghu Ramakrishnan and
               Miron Livny},
  title     = {{BIRCH:} An Efficient Data Clustering Method for Very Large Databases},
  booktitle = {Proceedings of the 1996 {ACM} {SIGMOD} International Conference on
               Management of Data, Montreal, Quebec, Canada, June 4-6, 1996.},
  pages     = {103--114},
  year      = {1996},
  crossref  = {DBLP:conf/sigmod/96},
  url       = {http://doi.acm.org/10.1145/233269.233324},
  doi       = {10.1145/233269.233324},
  timestamp = {Wed, 29 Mar 2017 16:45:22 +0200},
  biburl    = {https://dblp.org/rec/bib/conf/sigmod/ZhangRL96},
  bibsource = {dblp computer science bibliography, https://dblp.org}
}

@proceedings{DBLP:conf/sigmod/96,
  editor    = {H. V. Jagadish and
               Inderpal Singh Mumick},
  title     = {Proceedings of the 1996 {ACM} {SIGMOD} International Conference on
               Management of Data, Montreal, Quebec, Canada, June 4-6, 1996},
  publisher = {{ACM} Press},
  year      = {1996},
  timestamp = {Wed, 29 Mar 2017 16:45:22 +0200},
  biburl    = {https://dblp.org/rec/bib/conf/sigmod/96},
  bibsource = {dblp computer science bibliography, https://dblp.org}
}

@inproceedings{DBLP:conf/soda/ArthurV07,
  author    = {David Arthur and
               Sergei Vassilvitskii},
  title     = {k-means++: the advantages of careful seeding},
  booktitle = {Proceedings of the Eighteenth Annual {ACM-SIAM} Symposium on Discrete
               Algorithms, {SODA} 2007, New Orleans, Louisiana, USA, January 7-9,
               2007},
  pages     = {1027--1035},
  year      = {2007},
  crossref  = {DBLP:conf/soda/2007},
  url       = {http://dl.acm.org/citation.cfm?id=1283383.1283494},
  timestamp = {Fri, 07 Dec 2012 17:02:08 +0100},
  biburl    = {https://dblp.org/rec/bib/conf/soda/ArthurV07},
  bibsource = {dblp computer science bibliography, https://dblp.org}
}

@proceedings{DBLP:conf/soda/2007,
  editor    = {Nikhil Bansal and
               Kirk Pruhs and
               Clifford Stein},
  title     = {Proceedings of the Eighteenth Annual {ACM-SIAM} Symposium on Discrete
               Algorithms, {SODA} 2007, New Orleans, Louisiana, USA, January 7-9,
               2007},
  publisher = {{SIAM}},
  year      = {2007},
  url       = {http://dl.acm.org/citation.cfm?id=1283383},
  isbn      = {978-0-898716-24-5},
  timestamp = {Fri, 07 Dec 2012 17:02:08 +0100},
  biburl    = {https://dblp.org/rec/bib/conf/soda/2007},
  bibsource = {dblp computer science bibliography, https://dblp.org}
}

@inproceedings{DBLP:conf/kdd/EsterKSX96,
  author    = {Martin Ester and
               Hans{-}Peter Kriegel and
               J{\"{o}}rg Sander and
               Xiaowei Xu},
  title     = {A Density-Based Algorithm for Discovering Clusters in Large Spatial
               Databases with Noise},
  booktitle = {Proceedings of the Second International Conference on Knowledge Discovery
               and Data Mining (KDD-96), Portland, Oregon, {USA}},
  pages     = {226--231},
  year      = {1996},
  crossref  = {DBLP:conf/kdd/1996},
  url       = {http://www.aaai.org/Library/KDD/1996/kdd96-037.php},
  timestamp = {Mon, 05 Jun 2017 13:20:21 +0200},
  biburl    = {https://dblp.org/rec/bib/conf/kdd/EsterKSX96},
  bibsource = {dblp computer science bibliography, https://dblp.org}
}

@inproceedings{DBLP:conf/siggraph/AnjyoLP14,
  author    = {Ken Anjyo and
               John P. Lewis and
               Fr{\'{e}}d{\'{e}}ric H. Pighin},
  title     = {Scattered data interpolation for computer graphics},
  booktitle = {Special Interest Group on Computer Graphics and Interactive Techniques
               Conference, {SIGGRAPH} '14, Vancouver, Canada, August 10-14, 2014,
               Courses},
  pages     = {27:1--27:69},
  year      = {2014},
  crossref  = {DBLP:conf/siggraph/2014courses},
  url       = {http://doi.acm.org/10.1145/2614028.2615425},
  doi       = {10.1145/2614028.2615425},
  timestamp = {Mon, 30 Nov 2015 16:41:23 +0100},
  biburl    = {https://dblp.org/rec/bib/conf/siggraph/AnjyoLP14},
  bibsource = {dblp computer science bibliography, https://dblp.org}
}

@proceedings{DBLP:conf/siggraph/2014courses,
  title     = {Special Interest Group on Computer Graphics and Interactive Techniques
               Conference, {SIGGRAPH} '14, Vancouver, Canada, August 10-14, 2014,
               Courses},
  publisher = {{ACM}},
  year      = {2014},
  url       = {http://doi.acm.org/10.1145/2614028},
  doi       = {10.1145/2614028},
  isbn      = {978-1-4503-2962-0},
  timestamp = {Wed, 06 May 2015 13:27:51 +0200},
  biburl    = {https://dblp.org/rec/bib/conf/siggraph/2014courses},
  bibsource = {dblp computer science bibliography, https://dblp.org}
}

@inproceedings{DBLP:conf/sibgrapi/BassoZF99,
  author    = {Karen Basso and
               Paulo Ricardo de {\'{A}}vila Zingano and
               Carla Maria Dal Sasso Freitas},
  title     = {Interpolation of Scattered Data: Investigating Alternatives for the
               Modified Shepard Method},
  booktitle = {{XII} Brazilian Symposium on Computer Graphics and Image Processing
               {(SIBGRAPI} '99), October 17-20, 1999, Campinas, Brazil},
  pages     = {39--48},
  year      = {1999},
  crossref  = {DBLP:conf/sibgrapi/1999},
  url       = {https://doi.org/10.1109/SIBGRA.1999.805606},
  doi       = {10.1109/SIBGRA.1999.805606},
  timestamp = {Fri, 26 May 2017 00:49:07 +0200},
  biburl    = {https://dblp.org/rec/bib/conf/sibgrapi/BassoZF99},
  bibsource = {dblp computer science bibliography, https://dblp.org}
}

@inproceedings{DBLP:conf/rt/SuykensW00,
  author    = {Frank Suykens and
               Yves D. Willems},
  title     = {Density Control for Photon Maps},
  booktitle = {Proceedings of the Eurographics Workshop on Rendering Techniques 2000,
               Brno, Czech Republic, June 26-28, 2000},
  pages     = {23--34},
  year      = {2000},
  crossref  = {DBLP:conf/rt/2000},
  url       = {https://doi.org/10.1007/978-3-7091-6303-0_3},
  doi       = {10.1007/978-3-7091-6303-0_3},
  timestamp = {Thu, 25 May 2017 00:43:28 +0200},
  biburl    = {https://dblp.org/rec/bib/conf/rt/SuykensW00},
  bibsource = {dblp computer science bibliography, https://dblp.org}
}

@proceedings{DBLP:conf/rt/2000,
  editor    = {Bernard Peroche and
               Holly E. Rushmeier},
  title     = {Proceedings of the Eurographics Workshop on Rendering Techniques 2000,
               Brno, Czech Republic, June 26-28, 2000},
  series    = {Eurographics},
  publisher = {Springer},
  year      = {2000},
  url       = {https://doi.org/10.1007/978-3-7091-6303-0},
  doi       = {10.1007/978-3-7091-6303-0},
  isbn      = {3-211-83535-0},
  timestamp = {Thu, 25 May 2017 00:43:28 +0200},
  biburl    = {https://dblp.org/rec/bib/conf/rt/2000},
  bibsource = {dblp computer science bibliography, https://dblp.org}
}

@proceedings{DBLP:conf/kse/2014,
  editor    = {Viet{-}Ha Nguyen and
               Anh{-}Cuong Le and
               Van{-}Nam Huynh},
  title     = {Knowledge and Systems Engineering - Proceedings of the Sixth International
               Conference {KSE} 2014, Hanoi, Vietnam, 9-11 October 2014},
  series    = {Advances in Intelligent Systems and Computing},
  volume    = {326},
  publisher = {Springer},
  year      = {2015},
  url       = {https://doi.org/10.1007/978-3-319-11680-8},
  doi       = {10.1007/978-3-319-11680-8},
  isbn      = {978-3-319-11679-2},
  timestamp = {Sat, 16 Sep 2017 12:10:18 +0200},
  biburl    = {https://dblp.org/rec/bib/conf/kse/2014},
  bibsource = {dblp computer science bibliography, https://dblp.org}
}

@article{nadaraya1964estimating,
  title={On estimating regression},
  author={Nadaraya, Elizbar A},
  journal={Theory of Probability \& Its Applications},
  volume={9},
  number={1},
  pages={141--142},
  year={1964},
  publisher={SIAM}
}

@online{McGuire2017Data,
  title = {Computer Graphics Archive},
  author = {Morgan McGuire},
  year = {2017},
  month = {July},
  url = {https://casual-effects.com/data}
}

@inproceedings{DBLP:conf/rt/PeterP98,
  author    = {Ingmar Peter and
               Georg Pietrek},
  title     = {Importance Driven Construction of Photon Maps},
  booktitle = {Rendering Techniques '98, Proceedings of the Eurographics Workshop
               in Vienna, Austria, June 29 - July 1, 1998},
  pages     = {269--280},
  year      = {1998},
  crossref  = {DBLP:conf/rt/1998},
  url       = {https://doi.org/10.1007/978-3-7091-6453-2\_25},
  doi       = {10.1007/978-3-7091-6453-2\_25},
  timestamp = {Thu, 25 May 2017 00:43:28 +0200},
  biburl    = {https://dblp.org/rec/bib/conf/rt/PeterP98},
  bibsource = {dblp computer science bibliography, https://dblp.org}
}
@proceedings{DBLP:conf/rt/1998,
  editor    = {George Drettakis and
               Nelson L. Max},
  title     = {Rendering Techniques '98, Proceedings of the Eurographics Workshop
               in Vienna, Austria, June 29 - July 1, 1998},
  series    = {Eurographics},
  publisher = {Springer},
  year      = {1998},
  url       = {https://doi.org/10.1007/978-3-7091-6453-2},
  doi       = {10.1007/978-3-7091-6453-2},
  isbn      = {3-211-83213-0},
  timestamp = {Thu, 25 May 2017 00:43:28 +0200},
  biburl    = {https://dblp.org/rec/bib/conf/rt/1998},
  bibsource = {dblp computer science bibliography, https://dblp.org}
}

@article{DBLP:journals/vc/ZhengZ15,
  author    = {Quan Zheng and
               Chang{-}Wen Zheng},
  title     = {Visual importance-based adaptive photon tracing},
  journal   = {The Visual Computer},
  volume    = {31},
  number    = {6-8},
  pages     = {1001--1010},
  year      = {2015},
  url       = {https://doi.org/10.1007/s00371-015-1104-0},
  doi       = {10.1007/s00371-015-1104-0},
  timestamp = {Sat, 20 May 2017 00:23:22 +0200},
  biburl    = {https://dblp.org/rec/bib/journals/vc/ZhengZ15},
  bibsource = {dblp computer science bibliography, https://dblp.org}
}

@book{ebert2003texturing,
  title={Texturing \& modeling: a procedural approach},
  author={Ebert, David S and Musgrave, F Kenton and Peachey, Darwyn and Perlin, Ken and Worley, Steven},
  year={2003},
  publisher={Morgan Kaufmann}
}

@article{franke1980smooth,
  title={Smooth interpolation of large sets of scattered data},
  author={Franke, Richard and Nielson, Greg},
  journal={International journal for numerical methods in engineering},
  volume={15},
  number={11},
  pages={1691--1704},
  year={1980},
  publisher={Wiley Online Library}
}

@book{veach1997robust,
  title={Robust monte carlo methods for light transport simulation},
  author={Veach, Eric},
  number={1610},
  year={1997},
  publisher={Stanford University PhD thesis}
}

@article{DBLP:journals/tip/WangBSS04,
  author    = {Zhou Wang and
               Alan C. Bovik and
               Hamid R. Sheikh and
               Eero P. Simoncelli},
  title     = {Image quality assessment: from error visibility to structural similarity},
  journal   = {{IEEE} Trans. Image Processing},
  volume    = {13},
  number    = {4},
  pages     = {600--612},
  year      = {2004},
  url       = {https://doi.org/10.1109/TIP.2003.819861},
  doi       = {10.1109/TIP.2003.819861},
  timestamp = {Thu, 08 Jun 2017 09:01:54 +0200},
  biburl    = {https://dblp.org/rec/bib/journals/tip/WangBSS04},
  bibsource = {dblp computer science bibliography, https://dblp.org}
}

@online{Beeple,
  author = {Mike Winkelmann},
  title = {ZERO-DAY scene by Beeple},
  year = 2015,
  url = {https://www.beeple-crap.com/resources},
  urldate = {2018-08-01}
}


@online{Sanmiguel,
  author = {Guillermo M. Leal Llaguno},
  title = {San Miguel scene},
  year = 2007,
  url = {http://www.evvisual.com/contact/},
  urldate = {2018-08-01}
}